<?xml version="1.0" encoding="UTF-8"?><collection xmlns="http://www.loc.gov/MARC21/slim"><record><leader>00699nam--2200193-i-4500</leader><controlfield tag="001">000022697</controlfield><controlfield tag="002">20161230</controlfield><controlfield tag="005">20161230201034</controlfield><controlfield tag="008">060222s1000------------r-----000-0-rus-d</controlfield><datafield ind1=" " ind2=" " tag="040"><subfield code="a">IFIN-HH</subfield></datafield><datafield ind1=" " ind2=" " tag="041"><subfield code="a">rus</subfield></datafield><datafield ind1=" " ind2=" " tag="080"><subfield code="a">537.61</subfield></datafield><datafield ind1="1" ind2=" " tag="100"><subfield code="a">Montgomery, D. Bruce</subfield></datafield><datafield ind1="1" ind2="0" tag="245"><subfield code="a">Polucenie silnih magnitnih polei s pomoshiu solenoidov</subfield><subfield code="b">Magnitnie i mehaniceskie cvoisrva konstruktii iz obicenih i sverhprovodiashih</subfield><subfield code="c">D. bruce montgomery</subfield></datafield><datafield ind1=" " ind2=" " tag="260"><subfield code="a">Moskva</subfield><subfield code="b">Mir</subfield><subfield code="c">1971</subfield></datafield><datafield ind1=" " ind2=" " tag="300"><subfield code="a">359P</subfield></datafield><datafield ind1=" " ind2=" " tag="500"><subfield code="a">Titlul Original In Limba Engelza: Solenoid Magnet Design. The Magnetic And Mechanical Aspects Of Resistive And Superconducting Systems</subfield></datafield><datafield ind1=" " ind2=" " tag="852"><subfield code="a">36315</subfield><subfield code="c">537:538</subfield></datafield><datafield ind1=" " ind2=" " tag="CAT"><subfield code="a">Sys</subfield><subfield code="c">20110617</subfield><subfield code="h">125537</subfield></datafield></record></collection>